<record><leader>00000cas a22000007a 4500</leader><controlfield tag="001">18545525</controlfield><controlfield tag="008">880929d18831885aruwr ne      0    0eng d</controlfield><datafield ind1=" " ind2=" " tag="010"><subfield code="a">sn 88051095 </subfield></datafield><datafield ind1=" " ind2=" " tag="040"><subfield code="a">ANU</subfield><subfield code="b">eng</subfield><subfield code="c">ANU</subfield><subfield code="d">OCLCQ</subfield></datafield><datafield ind1=" " ind2=" " tag="042"><subfield code="a">msc</subfield></datafield><datafield ind1="0" ind2="0" tag="245"><subfield code="a">Lead Hill bugle.</subfield></datafield><datafield ind1=" " ind2=" " tag="260"><subfield code="a">Lead Hill, Boone County, Ark. :</subfield><subfield code="b">Thomas Newman</subfield></datafield><datafield ind1=" " ind2=" " tag="300"><subfield code="a">v.</subfield></datafield><datafield ind1=" " ind2=" " tag="310"><subfield code="a">Weekly</subfield></datafield><datafield ind1="1" ind2=" " tag="362"><subfield code="a">Began in Nov. 1883; ceased in 1885.</subfield></datafield><datafield ind1=" " ind2=" " tag="588"><subfield code="a">Description based on: Vol. 2, no. 1 (Nov. 24, 1883).</subfield></datafield><datafield ind1=" " ind2=" " tag="752"><subfield code="a">United States</subfield><subfield code="b">Arkansas</subfield><subfield code="c">Boone</subfield><subfield code="d">Lead Hill.</subfield></datafield><datafield ind1="0" ind2="0" tag="780"><subfield code="t">Elixer bugle</subfield><subfield code="w">(DLC)sn 88051096</subfield></datafield></record>